<?xml version="1.0" encoding="UTF-8"?><collection><record><leader>06147ntm a2200577 a 4500</leader><controlfield tag="001">006819388</controlfield><controlfield tag="003">MiAaHDL</controlfield><controlfield tag="005">20190719000000.0</controlfield><controlfield tag="006">m        d        </controlfield><controlfield tag="007">cr bn ---auaua</controlfield><controlfield tag="008">090617s1822    ii            00| ||per d</controlfield><datafield tag="035" ind1=" " ind2=" "><subfield code="a">(MiU)006819388</subfield></datafield><datafield tag="035" ind1=" " ind2=" "><subfield code="a">sdr-miu006819388</subfield></datafield><datafield tag="040" ind1=" " ind2=" "><subfield code="a">MiU</subfield><subfield code="c">MiU</subfield><subfield code="e">amremm</subfield></datafield><datafield tag="043" ind1=" " ind2=" "><subfield code="a">n-us-mi</subfield></datafield><datafield tag="100" ind1="1" ind2=" "><subfield code="6">880-01</subfield><subfield code="a">Shāh Arzānī, Muḥammad Akbar ibn Muḥammad,</subfield><subfield code="d">active 18th century.</subfield></datafield><datafield tag="245" ind1="1" ind2="0"><subfield code="6">880-03</subfield><subfield code="a">Mīzān al-ṭibb,</subfield><subfield code="f">[1238, i.e. 1822].</subfield></datafield><datafield tag="246" ind1="3" ind2=" "><subfield code="i">Title from inscription on 'title page' (p.1):</subfield><subfield code="a">كتاب ميزان الطب</subfield></datafield><datafield tag="246" ind1="3" ind2=" "><subfield code="a">ميزان الطب</subfield></datafield><datafield tag="260" ind1=" " ind2=" "><subfield code="a">[Amritsar?,</subfield><subfield code="c">1822].</subfield></datafield><datafield tag="300" ind1=" " ind2=" "><subfield code="a">110 leaves :</subfield><subfield code="b">paper ;</subfield><subfield code="c">270 x 160 (200 x 95) mm.</subfield></datafield><datafield tag="500" ind1=" " ind2=" "><subfield code="a">Shelfmark: Ann Arbor, University of Michigan, Special Collections Library, Isl. Ms. 852</subfield></datafield><datafield tag="500" ind1=" " ind2=" "><subfield code="a">Origin: As appears in colophon on p.215, copied by Muḥammad Bakhsh valad-i Muḥammad ʻAẓīm with transcription completed 4 Ṣafar 1238 [ca. 21 October 1822].</subfield></datafield><datafield tag="500" ind1=" " ind2=" "><subfield code="a">Accompanying materials: a. Card with typed notes and additions in pen: "K239 | 17300 [in pencil] museum acc. nbr. | Indian [crossed out] Mogul (?) manuscript volume, paper cover, linen back. | Persian script | Amritsar." -- b. Photocopy of card with typed notes "17300 | 865 Amritsor, India | 1 Persian manuscript book | Original no. -- K239. Medical book. | Univ. of Mich., Div. of Fine Arts | Walter Koelz, 1932-33 | March 19, 1934." -- c. Scrap of ruled paper with notes in pencil "Persian | dated 1238 A.H. | c. 1900 | MIZAN AL-TIB = | medical book." -- d. Piece of paper with handwritten notes "3 Islamic mss. apparently brought over to RBR from Mus. of Anthro in late 1970's (Persian)" -- e. Length of white cotton cord with label attached "17300/K239v" [from handlist prepared by R. Dougherty, 1993].</subfield></datafield><datafield tag="500" ind1=" " ind2=" "><subfield code="a">Former shelfmark: Mich. Isl. Ms. temp. no. 1</subfield></datafield><datafield tag="500" ind1=" " ind2=" "><subfield code="a">Binding: Pasteboards covered in linen and perhaps once-tinted paper with linen now over spine ; Type III binding (without flap) ; 'board linings' in untinted laid paper, lower hinge in recycled paper (manuscript 'waste') ; upper and lower covers carry line drawings in black ink of large central floral motifs ; sewn in cream thread, two stations ; overall in extremely poor condition with signficant abrasion, lifting and losses of paper, textile and boards, staining, etc. ; housed in box for protection.</subfield></datafield><datafield tag="500" ind1=" " ind2=" "><subfield code="a">Support: non-European (likely Indian) laid paper with roughly 6 laid lines per cm. (horizontal, fairly distinct, some curving) and irregular chain lines visible, sturdy though transluscent, dark cream to beige in color, burnished ; much staining and tide lines.</subfield></datafield><datafield tag="500" ind1=" " ind2=" "><subfield code="a">Decoration: Keywords rubricated ; overlining in red ; diagram "دائره رجال الغيب" following colophon at close (p.215).</subfield></datafield><datafield tag="500" ind1=" " ind2=" "><subfield code="a">Script: Nastaʻlīq ; elegant Indian hand ; serifless with inclination to the right and slight effect of words descending to baseline, elongation and somewhat exaggerated thickness of horizontal strokes, mainly closed counters, yāʼ always pointed.</subfield></datafield><datafield tag="500" ind1=" " ind2=" "><subfield code="a">Layout: Written in 18 lines per page.</subfield></datafield><datafield tag="500" ind1=" " ind2=" "><subfield code="a">Collation: 13 IV(104), III (110) ; almost exclusively quaternions (followed by single ternion) ; middle of the quire marks in the form of red dots or small strokes in the upper outer corner of the right-hand leaf and lower outer corner of the left-hand leaf ; catchwords present ; pagination in pencil, Western numerals (includes back flyleaf).</subfield></datafield><datafield tag="500" ind1=" " ind2=" "><subfield code="a">Colophon: "Scribal," reads "نفع وار وبعون الله تعالی تم تمام شد کتاب میزان الطب ... خطه فقیر حقیر اضعف عباد الله محمد بخش ولد محمد عظیم حفظه الله عن ... بتاریخ چهارم ماه صفر موافق سنه ١٢٣٨ هجری"</subfield></datafield><datafield tag="500" ind1=" " ind2=" "><subfield code="a">Incipit: "الحمد لله رب العالمین والصلواة والسلام علی رسوله محمد واله الطیبین الطاهرین ... اما بعد العبد الضعیف النحیف طالب المعانی محمد ارزانی المسمی بمحمد اکبر میکوید [می گوید] که چون اطفال فقیر و دیگر اعزه در صدد خواندن علم طب بودند مختصری که صبیانرا [صبیان را] تعلم آن آسان بود بعبارتی موجز که مشتمل بر فوائد بسیار است تالیف نمودم و بمیزان الطب موسوم ساختم ..."</subfield></datafield><datafield tag="500" ind1=" " ind2=" "><subfield code="a">Title from opening matter (p.2) and colophon (p.215).</subfield></datafield><datafield tag="500" ind1=" " ind2=" "><subfield code="a">Ms. codex.</subfield></datafield><datafield tag="510" ind1="4" ind2=" "><subfield code="a">Cat. Pers. MSS. Brit. Mus.,</subfield><subfield code="c">p.479</subfield></datafield><datafield tag="520" ind1="8" ind2=" "><subfield code="a">Careful copy of the concise manual of medicine by Muḥammad Akbar Arzānī (d.1722).</subfield></datafield><datafield tag="538" ind1=" " ind2=" "><subfield code="a">Mode of access: Internet.</subfield></datafield><datafield tag="541" ind1=" " ind2=" "><subfield code="a">Acquired in Amritsar for the Museum of Anthropology by Walter Koelz on his two-year collecting trip in 1932-33 and received in 19 March 1934 ; apparently reached the Library in late 1970s.</subfield></datafield><datafield tag="546" ind1=" " ind2=" "><subfield code="a">Persian.</subfield></datafield><datafield tag="561" ind1=" " ind2=" "><subfield code="a">Assorted excerpts and former owners' marks on upper and lower board linings, 'title page' (p.1), final leaf (p.218, originally left blank, also carries drawing of floral motif in red ink), back flyleaf (p.219), etc. ; text of rubrics (keywords to be entered in red) occasionally visible in the margin ; occasional marginal corrections.</subfield></datafield><datafield tag="650" ind1=" " ind2="0"><subfield code="a">Manuscripts, Persian</subfield><subfield code="z">Michigan</subfield><subfield code="z">Ann Arbor.</subfield></datafield><datafield tag="650" ind1=" " ind2="0"><subfield code="a">Pharmacopoeias</subfield><subfield code="v">Early works to 1800.</subfield></datafield><datafield tag="650" ind1=" " ind2="0"><subfield code="a">Materia medica</subfield><subfield code="v">Early works to 1800.</subfield></datafield><datafield tag="650" ind1=" " ind2="0"><subfield code="a">Traditional medicine</subfield><subfield code="v">Formulae, receipts, prescriptions.</subfield></datafield><datafield tag="650" ind1=" " ind2="0"><subfield code="a">Medicine, Persian</subfield><subfield code="v">Early works to 1800.</subfield></datafield><datafield tag="700" ind1="0" ind2=" "><subfield code="6">880-07</subfield><subfield code="a">Muḥammad Bakhsh ibn Muḥammad ʻAẓīm,</subfield><subfield code="d">fl. 1822,</subfield><subfield code="e">scribe.</subfield></datafield><datafield tag="773" ind1="0" ind2=" "><subfield code="a">Walter Koelz Manuscripts.</subfield></datafield><datafield tag="880" ind1="0" ind2=" "><subfield code="6">700-07/</subfield><subfield code="a">محمد بخش ابن محمد عظيم,</subfield><subfield code="e">ناسخ.</subfield></datafield><datafield tag="880" ind1="1" ind2="0"><subfield code="6">245-03/</subfield><subfield code="a">میزان الطب,</subfield><subfield code="f">[1238ه, 1822م].</subfield></datafield><datafield tag="880" ind1="1" ind2=" "><subfield code="6">100-01/</subfield><subfield code="a">شاه ارزانى، محمد اکبر بن محمد.</subfield></datafield><datafield tag="CID" ind1=" " ind2=" "><subfield code="a">006819388</subfield></datafield><datafield tag="DAT" ind1="0" ind2=" "><subfield code="a">20190719102639.0</subfield><subfield code="b">20190719000000.0</subfield></datafield><datafield tag="DAT" ind1="1" ind2=" "><subfield code="a">20190719090653.0</subfield><subfield code="b">2019-07-19T16:12:22Z</subfield></datafield><datafield tag="DAT" ind1="2" ind2=" "><subfield code="a">2015-10-02T18:00:03Z</subfield></datafield><datafield tag="CAT" ind1=" " ind2=" "><subfield code="a">SDR-MIU</subfield><subfield code="d">EX LIBRIS - ALEPH</subfield><subfield code="l">prepare.pl-004-008</subfield></datafield><datafield tag="FMT" ind1=" " ind2=" "><subfield code="a">BK</subfield></datafield><datafield tag="HOL" ind1=" " ind2=" "><subfield code="0">sdr-miu006819388</subfield><subfield code="a">MiU</subfield><subfield code="b">SDR</subfield><subfield code="c">MIU</subfield><subfield code="p">mdp.39015079130376</subfield><subfield code="s">MIU</subfield><subfield code="1">006819388</subfield></datafield><datafield tag="974" ind1=" " ind2=" "><subfield code="b">MIU</subfield><subfield code="c">MIU</subfield><subfield code="d">20190719</subfield><subfield code="s">lit-dlps-dc</subfield><subfield code="u">mdp.39015079130376</subfield><subfield code="y">1822</subfield><subfield code="r">pd</subfield><subfield code="q">bib</subfield><subfield code="t">non-US bib date1 &lt; 1896</subfield></datafield></record></collection>